@misc{ wiki:stewart,
    author = "{Wikipedia contributors}",
    title = "Stewart platform --- {Wikipedia}{,} The Free Encyclopedia",
    year = "2019",
    url = "https://en.wikipedia.org/w/index.php?title=Stewart_platform&oldid=898429010",
    note = "[Online; accessed 9-October-2019]"
  }
