@misc{ wiki:stewart,
    author = "{Wikipedia contributors}",
    title = "Stewart platform --- {Wikipedia}{,} The Free Encyclopedia",
    year = "2019",
    url = "https://en.wikipedia.org/w/index.php?title=Stewart_platform&oldid=898429010",
    note = "[Online; accessed 9-October-2019]"
  }

@article{shene1994lower,
  title={On the lower degree intersections of two natural quadrics},
  author={Shene, Ching-Kuang and Johnstone, John K},
  journal={ACM Transactions on Graphics (TOG)},
  volume={13},
  number={4},
  pages={400--424},
  year={1994},
  publisher={ACM}
}

@book{payne1881,
  author    = {Joseph Payne},
  title     = {Practical Solid Geometry},
  subtitle = { Orthographic and Isometric Projection},
  publisher = {Thomsas Murby},
  year      = 1881,
  series    = {Murby's "Science and Art Departemnt" Series of Text-Books},
  address   = {32 Bouverie Street, Fleet Street, E.C.;},
  edition   = 4,
  month     = 1,
  url = {https://play.google.com/store/books/details?id=8TQDAAAAQAAJ&rdid=book-8TQDAAAAQAAJ&rdot=1},
  note      = {Available free as an electronic book, see Problem  CXLVIII (148), Page 195},
}

@misc{softrobotcalc,
  author = {Robert L. Read and Megan Cadena},
  title = {{Plane Tanget to 3 Spheres}},
  year = 2019,
  url = {https://pubinv.github.io/softrobotmath/},
  urldate = {2019-10-13},
  note = "[Online; accessed 13-November-2019]",
 lastchecked = {2019-10-13}
}